@misc{minka2000estimating,
  title={Estimating a Dirichlet distribution},
  author={Minka, Thomas},
  year={2000},
  publisher={Technical report, MIT},
  url={http://research.microsoft.com/en-us/um/people/minka/papers/dirichlet/}
}